<?xml version="1.0" encoding="UTF-8"?><collection xmlns="http://www.loc.gov/MARC21/slim"><record><leader>00598nam--2200181-i-4500</leader><controlfield tag="001">000038696</controlfield><controlfield tag="002">20161230</controlfield><controlfield tag="005">20161230201041</controlfield><controlfield tag="008">060222s1000------------r-----000-0-fre-d</controlfield><datafield ind1=" " ind2=" " tag="040"><subfield code="a">IFIN-HH</subfield></datafield><datafield ind1=" " ind2=" " tag="041"><subfield code="a">fre</subfield></datafield><datafield ind1=" " ind2=" " tag="080"><subfield code="a">539.172.12(043)</subfield></datafield><datafield ind1="1" ind2=" " tag="100"><subfield code="a">Regnier, Serge</subfield></datafield><datafield ind1="1" ind2="0" tag="245"><subfield code="a">Production des gaz rares ne, ar, kr et xe au cours des reactions nucleaires induites par des protons de haute energie dans des cibles allant de 27 al a 232 th</subfield><subfield code="b">These</subfield><subfield code="c">Serge regnier</subfield></datafield><datafield ind1=" " ind2=" " tag="260"><subfield code="a">Bordeaux</subfield><subfield code="b">Universite De Bordeaux</subfield><subfield code="c">1977</subfield></datafield><datafield ind1=" " ind2=" " tag="300"><subfield code="a">106 P</subfield></datafield><datafield ind1=" " ind2=" " tag="852"><subfield code="a">46361</subfield><subfield code="c">539.17</subfield></datafield><datafield ind1=" " ind2=" " tag="CAT"><subfield code="a">Sys</subfield><subfield code="c">20120618</subfield><subfield code="h">134947</subfield></datafield></record></collection>